@book{livermore1879american,
  title={The American kriegsspiel: a game for practicing the art of war upon a topographical map},
  author={Livermore, William Roscoe},
  year={1879},
  publisher={Houghton, Mifflin}
}