@book{livermore1879american,
  title={The American kriegsspiel: a game for practicing the art of war upon a topographical map},
  author={Livermore, William Roscoe},
  year={1879},
  publisher={Houghton, Mifflin}
}

 @misc{ frwiki:189457170,
   author = "Wikipédia",
   title = "Le Jeu de la guerre (livre) --- Wikipédia{,} l'encyclopédie libre",
   year = "2022",
   url = "http://fr.wikipedia.org/w/index.php?title=Le_Jeu_de_la_guerre_(livre)&oldid=189457170",
   note = "[En ligne; Page disponible le 1-janvier-2022]"
 }